@ONLINE {StatefulStateless,
    author = "Ray Seyfarth",
    title  = "Stateless vs Stateful Servers",
    month  = "jun",
    year   = "2000",
    url    = "http://orca.st.usm.edu/~seyfarth/network_pgm/net-6-3-3.html"
}
