%Para generar las entradas, yo particularmente uso este sitio:
% https://truben.no/latex/bibtex/
