%Para generar las entradas, yo particularmente uso este sitio:
% https://truben.no/latex/bibtex/

@ONLINE {NodeRED,
    author = "Node-RED",
    title  = "Sitio de Node-RED",
    url    = "https://nodered.org/"
}
