@ONLINE {SynchronizedMethods,
    author = "Oracle",
    title  = "Synchronized Methods",
    url    = "https://docs.oracle.com/javase/tutorial/essential/concurrency/syncmeth.html"
}
@ONLINE {WikipediaEpoch,
    author = "Wikipedia",
    title  = "Unix time",
    month  = "10",
    year   = "2018",
    url    = "https://en.wikipedia.org/wiki/Unix_time"
}
@ONLINE {WikipediaDigitalSignature,
    author = "Wikipedia",
    title  = "Digital Signature",
    month  = "10",
    year   = "2018",
    url    = "https://en.wikipedia.org/wiki/Digital_signature"
}
@ONLINE {WikipediaPublicKeyCertificate,
    author = "Wikipedia",
    title  = "Publick Key Certificate",
    month  = "10",
    year   = "2018",
    url    = "https://en.wikipedia.org/wiki/Public_key_certificate"
}
@ONLINE {WikipediaEmailEncryption,
    author = "Wikipedia",
    title  = "Email Encryption",
    month  = "10",
    year   = "2018",
    url    = "https://en.wikipedia.org/wiki/Email_encryption"
}
@INBOOK {ColourisTwoPhaseCommitProtocol,
    author    = "George Colouris",
    title     = "Distributed Systems - Concepts and Design",
    chapter   = "17.3.2 Two-phase commit protocol for nested transactions",
    publisher = "Addison-Wesley",
    year      = "2012",
    edition   = "fifth"
}
@INBOOK {ColourisCertificates,
    author    = "George Colouris",
    title     = "Distributed Systems - Concepts and Design",
    chapter   = "11.2.3 Certificates",
    publisher = "Addison-Wesley",
    year      = "2012",
    edition   = "fifth"
}
